<marcxml:record xmlns:xlink="http://www.w3.org/1999/xlink" xmlns:marcxml="http://www.loc.gov/MARC21/slim" xmlns:mets="http://www.loc.gov/METS/" xmlns:mxe="http://www.loc.gov/mxe" xmlns:rdf="http://www.w3.org/1999/02/22-rdf-syntax-ns#" xmlns:rdfs="http://www.w3.org/2000/01/rdf-schema#" xmlns:skos="http://www.w3.org/2004/02/skos/core#" xmlns:madsrdf="http://www.loc.gov/mads/rdf/v1#" xmlns:ri="http://id.loc.gov/ontologies/RecordInfo#" xmlns:sem="http://marklogic.com/semantics">
  <marcxml:leader>01349cz  a2200325n  4500</marcxml:leader>
  <marcxml:controlfield tag="001">n80076442</marcxml:controlfield>
  <marcxml:controlfield tag="003">DLC</marcxml:controlfield>
  <marcxml:controlfield tag="005">20150912053234.0</marcxml:controlfield>
  <marcxml:controlfield tag="008">800801n| azannaabn          |b ana      </marcxml:controlfield>
  <marcxml:datafield tag="010" ind1=" " ind2=" ">
    <marcxml:subfield code="a">n  80076442 </marcxml:subfield>
  </marcxml:datafield>
  <marcxml:datafield tag="034" ind1=" " ind2=" ">
    <marcxml:subfield code="d">W0064948</marcxml:subfield>
    <marcxml:subfield code="e">W0064948</marcxml:subfield>
    <marcxml:subfield code="f">N0340112</marcxml:subfield>
    <marcxml:subfield code="g">N0340112</marcxml:subfield>
    <marcxml:subfield code="2">geonames</marcxml:subfield>
  </marcxml:datafield>
  <marcxml:datafield tag="034" ind1=" " ind2=" ">
    <marcxml:subfield code="d">W0065502</marcxml:subfield>
    <marcxml:subfield code="e">W0064541</marcxml:subfield>
    <marcxml:subfield code="f">N0340216</marcxml:subfield>
    <marcxml:subfield code="g">N0335344</marcxml:subfield>
    <marcxml:subfield code="2">bound</marcxml:subfield>
  </marcxml:datafield>
  <marcxml:datafield tag="034" ind1=" " ind2=" ">
    <marcxml:subfield code="d">W0065521</marcxml:subfield>
    <marcxml:subfield code="e">W0064729</marcxml:subfield>
    <marcxml:subfield code="f">N0340205</marcxml:subfield>
    <marcxml:subfield code="g">N0335412</marcxml:subfield>
    <marcxml:subfield code="2">bound</marcxml:subfield>
  </marcxml:datafield>
  <marcxml:datafield tag="034" ind1=" " ind2=" ">
    <marcxml:subfield code="d">W0065000</marcxml:subfield>
    <marcxml:subfield code="e">W0065000</marcxml:subfield>
    <marcxml:subfield code="f">N0340200</marcxml:subfield>
    <marcxml:subfield code="g">N0340200</marcxml:subfield>
    <marcxml:subfield code="2">wikiped</marcxml:subfield>
  </marcxml:datafield>
  <marcxml:datafield tag="035" ind1=" " ind2=" ">
    <marcxml:subfield code="a">(OCoLC)oca00457811</marcxml:subfield>
  </marcxml:datafield>
  <marcxml:datafield tag="040" ind1=" " ind2=" ">
    <marcxml:subfield code="a">DLC</marcxml:subfield>
    <marcxml:subfield code="b">eng</marcxml:subfield>
    <marcxml:subfield code="e">rda</marcxml:subfield>
    <marcxml:subfield code="c">DLC</marcxml:subfield>
    <marcxml:subfield code="d">NjP</marcxml:subfield>
    <marcxml:subfield code="d">OCoLC</marcxml:subfield>
    <marcxml:subfield code="d">DLC</marcxml:subfield>
    <marcxml:subfield code="d">OCoLC</marcxml:subfield>
    <marcxml:subfield code="d">CSt</marcxml:subfield>
    <marcxml:subfield code="d">WaU</marcxml:subfield>
  </marcxml:datafield>
  <marcxml:datafield tag="043" ind1=" " ind2=" ">
    <marcxml:subfield code="a">f-mr---</marcxml:subfield>
  </marcxml:datafield>
  <marcxml:datafield tag="151" ind1=" " ind2=" ">
    <marcxml:subfield code="a">Rabat (Morocco)</marcxml:subfield>
  </marcxml:datafield>
  <marcxml:datafield tag="368" ind1=" " ind2=" ">
    <marcxml:subfield code="b">Cities and towns</marcxml:subfield>
    <marcxml:subfield code="b">Capitals (Cities)</marcxml:subfield>
    <marcxml:subfield code="2">lcsh</marcxml:subfield>
  </marcxml:datafield>
  <marcxml:datafield tag="370" ind1=" " ind2=" ">
    <marcxml:subfield code="c">Morocco</marcxml:subfield>
    <marcxml:subfield code="2">naf</marcxml:subfield>
  </marcxml:datafield>
  <marcxml:datafield tag="451" ind1=" " ind2=" ">
    <marcxml:subfield code="w">nnaa</marcxml:subfield>
    <marcxml:subfield code="a">Rabat, Morocco</marcxml:subfield>
  </marcxml:datafield>
  <marcxml:datafield tag="451" ind1=" " ind2=" ">
    <marcxml:subfield code="a">Ribāṭ (Morocco)</marcxml:subfield>
  </marcxml:datafield>
  <marcxml:datafield tag="451" ind1=" " ind2=" ">
    <marcxml:subfield code="a">الرباط (Morocco)</marcxml:subfield>
  </marcxml:datafield>
  <marcxml:datafield tag="451" ind1=" " ind2=" ">
    <marcxml:subfield code="a">al-Rabāṭ (Morocco)</marcxml:subfield>
  </marcxml:datafield>
  <marcxml:datafield tag="451" ind1=" " ind2=" ">
    <marcxml:subfield code="a">رباط (Morocco)</marcxml:subfield>
  </marcxml:datafield>
  <marcxml:datafield tag="667" ind1=" " ind2=" ">
    <marcxml:subfield code="a">Non-Latin script references not evaluated.</marcxml:subfield>
  </marcxml:datafield>
  <marcxml:datafield tag="670" ind1=" " ind2=" ">
    <marcxml:subfield code="a">GEOnet, Dec. 7, 2009</marcxml:subfield>
    <marcxml:subfield code="b">(Rabat--capital of a political entity, 34°01ʹ12ʺN 06°49ʹ48ʺW; ADM1: Rabat-Salé-Zemmour-Zaër)</marcxml:subfield>
  </marcxml:datafield>
  <marcxml:datafield tag="670" ind1=" " ind2=" ">
    <marcxml:subfield code="a">GeoNames, algorithmically matched, 2009</marcxml:subfield>
    <marcxml:subfield code="b">(unknown; 34°01ʹ12ʺN 006°49ʹ48ʺW)</marcxml:subfield>
  </marcxml:datafield>
  <marcxml:datafield tag="670" ind1=" " ind2=" ">
    <marcxml:subfield code="a">Wikipedia, September 9, 2015</marcxml:subfield>
    <marcxml:subfield code="b">(Rabat (Arabic: الرباط = al-Rabāṭ); capital and seventh largest city of Morocco; 34°02ʹN 6°50ʹW)</marcxml:subfield>
  </marcxml:datafield>
  <marcxml:datafield tag="781" ind1=" " ind2="0">
    <marcxml:subfield code="z">Morocco</marcxml:subfield>
    <marcxml:subfield code="z">Rabat</marcxml:subfield>
  </marcxml:datafield>
</marcxml:record>
